@article{hodgkin1952dual,
  title={The dual effect of membrane potential on sodium conductance in the giant axon of Loligo},
  author={Hodgkin, Allan L and Huxley, Andrew F},
  journal={The Journal of physiology},
  volume={116},
  number={4},
  pages={497--506},
  year={1952},
  publisher={Wiley Online Library}
}

@inproceedings{wang2003hopf,
  title={Hopf bifurcation in the Hodgkin-Huxley model exposed to ELF electrical field},
  author={Wang, Jiang and Zhang, H and Tsang, KM},
  booktitle={Proceedings of the 25th Annual International Conference of the IEEE Engineering in Medicine and Biology Society (IEEE Cat. No. 03CH37439)},
  volume={3},
  pages={2323--2326},
  year={2003},
  organization={IEEE}
}

@article{fitzhugh1961impulses,
  title={Impulses and physiological states in theoretical models of nerve membrane},
  author={FitzHugh, Richard},
  journal={Biophysical journal},
  volume={1},
  number={6},
  pages={445},
  year={1961},
  publisher={The Biophysical Society}
}

@article{parlitz1987period,
  title={Period-doubling cascades and devilâ€™s staircases of the driven van der Pol oscillator},
  author={Parlitz, Ulrich and Lauterborn, Werner},
  journal={Physical Review A},
  volume={36},
  number={3},
  pages={1428},
  year={1987},
  publisher={APS}
}

@article{morris1981voltage,
  title={Voltage oscillations in the barnacle giant muscle fiber},
  author={Morris, Catherine and Lecar, Harold},
  journal={Biophysical journal},
  volume={35},
  number={1},
  pages={193--213},
  year={1981},
  publisher={Elsevier}
}

@article{gu2001integer,
  title={Integer multiple spiking in neuronal pacemakers without external periodic stimulation},
  author={Gu, Huaguang and Ren, Wei and Lu, Qishao and Wu, Shunguang and Yang, Minghao and Chen, Wenjuan},
  journal={Physics Letters A},
  volume={285},
  number={1-2},
  pages={63--68},
  year={2001},
  publisher={Elsevier}
}

@article{koper1996experimental,
  title={Experimental demonstration of delay and memory effects in the bifurcations of nickel electrodissolution},
  author={Koper, MTM and Aguda, BD},
  journal={Physical Review E},
  volume={54},
  number={1},
  pages={960},
  year={1996},
  publisher={APS}
}

@article{gu2013experimental,
  title={Experimental observation of transition from chaotic bursting to chaotic spiking in a neural pacemaker},
  author={Gu, Huaguang},
  journal={Chaos: An Interdisciplinary Journal of Nonlinear Science},
  volume={23},
  number={2},
  pages={023126},
  year={2013},
  publisher={American Institute of Physics}
}

@article{tsumoto2006bifurcations,
  title={Bifurcations in Morris--Lecar neuron model},
  author={Tsumoto, Kunichika and Kitajima, Hiroyuki and Yoshinaga, Tetsuya and Aihara, Kazuyuki and Kawakami, Hiroshi},
  journal={Neurocomputing},
  volume={69},
  number={4-6},
  pages={293--316},
  year={2006},
  publisher={Elsevier}
}

@article{varela2001brainweb,
  title={The brainweb: phase synchronization and large-scale integration},
  author={Varela, Francisco and Lachaux, Jean-Philippe and Rodriguez, Eugenio and Martinerie, Jacques},
  journal={Nature reviews neuroscience},
  volume={2},
  number={4},
  pages={229--239},
  year={2001},
  publisher={Nature Publishing Group}
}

@article{golomb1994clustering,
  title={Clustering in globally coupled inhibitory neurons},
  author={Golomb, David and Rinzel, John},
  journal={Physica D: Nonlinear Phenomena},
  volume={72},
  number={3},
  pages={259--282},
  year={1994},
  publisher={Elsevier}
}

@article{varela2001brainweb,
  title={The brainweb: phase synchronization and large-scale integration},
  author={Varela, Francisco and Lachaux, Jean-Philippe and Rodriguez, Eugenio and Martinerie, Jacques},
  journal={Nature reviews neuroscience},
  volume={2},
  number={4},
  pages={229--239},
  year={2001},
  publisher={Nature Publishing Group}
}

@article{schuster2010application,
  title={Application of game theory to neuronal networks},
  author={Schuster, Alfons and Yamaguchi, Yoko},
  journal={Advances in Artificial Intelligence},
  volume={2010},
  year={2010},
  publisher={Hindawi}
}

@article{loewenstein2008neuroeconomics,
  title={Neuroeconomics},
  author={Loewenstein, George and Rick, Scott and Cohen, Jonathan D},
  journal={Annu. Rev. Psychol.},
  volume={59},
  pages={647--672},
  year={2008},
  publisher={Annual Reviews}
}

@article{srivastava2005using,
  title={Using game theory to analyze wireless ad hoc networks},
  author={Srivastava, Vivek and Neel, James and MacKenzie, Allen B and Menon, Rekha and DaSilva, Luiz A and Hicks, James Edward and Reed, Jeffrey H and Gilles, Robert P},
  journal={IEEE Communications Surveys \& Tutorials},
  volume={7},
  number={4},
  pages={46--56},
  year={2005},
  publisher={IEEE}
}

@article{hampton2008neural,
  title={Neural correlates of mentalizing-related computations during strategic interactions in humans},
  author={Hampton, Alan N and Bossaerts, Peter and O'Doherty, John P},
  journal={Proceedings of the National Academy of Sciences},
  volume={105},
  number={18},
  pages={6741--6746},
  year={2008},
  publisher={National Acad Sciences}
}

@article{costa2001cognition,
  title={Cognition and behavior in normal-form games: An experimental study},
  author={Costa-Gomes, Miguel and Crawford, Vincent P and Broseta, Bruno},
  journal={Econometrica},
  volume={69},
  number={5},
  pages={1193--1235},
  year={2001},
  publisher={Wiley Online Library}
}

@misc{dawkins1983john,
  title={John Maynard Smith, Evolution and the Theory of Games, Cambridge University Press, Cambridge (1982), p. viii,+ 224 Price{\pounds} 18.00 hardback,{\pounds} 6.50 paper back},
  author={Dawkins, Richard},
  year={1983},
  publisher={Academic Press}
}

@article{akiyama2000dynamical,
  title={Dynamical systems game theory and dynamics of games},
  author={Akiyama, Eizo and Kaneko, Kunihiko},
  journal={Physica D: Nonlinear Phenomena},
  volume={147},
  number={3-4},
  pages={221--258},
  year={2000},
  publisher={Elsevier}
}

@article{bicchieri2004rationality,
  title={Rationality and game theory},
  author={Bicchieri, Cristina},
  journal={The Oxford handbook of rationality},
  pages={182--205},
  year={2004},
  publisher={Oxford University Press}
}

@article{holt2004nash,
  title={The Nash equilibrium: A perspective},
  author={Holt, Charles A and Roth, Alvin E},
  journal={Proceedings of the National Academy of Sciences},
  volume={101},
  number={12},
  pages={3999--4002},
  year={2004},
  publisher={National Acad Sciences}
}

@book{narahari2014game,
  title={Game theory and mechanism design},
  author={Narahari, Yadati},
  volume={4},
  year={2014},
  publisher={World Scientific}
}

@article{kempter1999hebbian,
  title={Hebbian learning and spiking neurons},
  author={Kempter, Richard and Gerstner, Wulfram and Van Hemmen, J Leo},
  journal={Physical Review E},
  volume={59},
  number={4},
  pages={4498},
  year={1999},
  publisher={APS}
}

@article{song2000competitive,
  title={Competitive Hebbian learning through spike-timing-dependent synaptic plasticity},
  author={Song, Sen and Miller, Kenneth D and Abbott, Larry F},
  journal={Nature neuroscience},
  volume={3},
  number={9},
  pages={919--926},
  year={2000},
  publisher={Nature Publishing Group}
}
